@misc{GNU_Make_manual,
	howpublished = "\url{https://www.gnu.org/software/make/manual/make.html}",
	author = "Free Software Foundation",
	title = "GNU `make' ",
	year = 2013
}

@book{OreillyMake,
	author = "Robert Mecklenburg",
	note = "Als eBook: \url{http://oreilly.com/catalog/make3/book/index.csp}"
	publisher = "O'Reilly",
	title = "Managing Projects with GNU Make, Third Edition",
	year = 2004
}
